UNA:+,? 'UNB+UNOC:3+00810506482+00975945065+140526:1430+01001500'UNH+1+CREMUL:D:
96A:UN'BGM+455+1405261430'DTM+137:20140526:102'LIN+1'DTM+209:20140526:102'BUS++I
N'MOA+346:264:NOK'RFF+AII'FII+BF+12345678901'SEQ++1'DTM+193:20140526:102'DTM+209
:20140526:102'FII+OR'RFF+ACK:804574'MOA+60:264:NOK'MOA+98:314:NOK'CUX+2:NOK+3:NO
K+1'NAD+BE++RVO:REGIONALE VERNEOMBUD:OSLO'NAD+PL++BBR - BAUDIS BERGMANN ROESCH V
ERKEH:RSTECHNIK GMBH:PILLAUSTR. 1 E:38126  BRAUNSCHWEIG'FCA+14'MOA+23:50'PRC+11'
FTX+PMD+++KID 12121212121'LIN+2'DTM+209:20140526:102'BUS++IN'MOA+346:200:NOK'RFF
+AII'FII+BF+12345678901'SEQ++1'DTM+193:20140526:102'DTM+209:20140526:102'FII+OR'
RFF+ACK:812416'MOA+60:200:NOK'MOA+98:250:NOK'CUX+2:NOK+3:NOK+1'NAD+BE++RVO:BYGG 
OG ANLEGG:PB 22 SENTRUM:0101 OSLO'NAD+PL++COLT NORDIC APS:LYNGBY HOVEDGADE 10:28
00 KGS.LYNGBY'FCA+14'MOA+23:50'PRC+11'FTX+PMD+++REG NR 127763'LIN+3'DTM+209:2014
0526:102'BUS++IN'MOA+346:200:NOK'RFF+AII'FII+BF+12345678901'SEQ++1'DTM+193:20140
526:102'DTM+209:20140526:102'FII+OR'RFF+ACK:824584'MOA+60:200:NOK'MOA+98:250:NOK
'CUX+2:NOK+3:NOK+1'NAD+BE++REGIONALE VERNEOMBUD BYGG OG ANLEGG:PB 22 SENTRUM 010
1 OSLO'NAD+PL++UAB SUNRISA:TAIKOS 24:KLAIPEDA 11111 LT'FCA+14'MOA+23:50'PRC+11'F
TX+PMD+++KUNDEIDENTIFIKASJON (KID) 121212121:39'LIN+4'DTM+209:20140526:102'BUS++
IN'MOA+346:316,21:NOK'RFF+AII'FII+BF+12345678901'SEQ++1'DTM+193:20140526:102'DTM
+209:20140526:102'FII+OR'RFF+ACK:987226'RFF+AGN:UF0J02ID2MGGU001'MOA+60:316,21:N
OK'MOA+98:316,21:NOK'CUX+2:NOK+3:NOK+1'NAD+BE++Fondet for Regionale Verneom:Post
boks 22 Sentrum:0101  OSLO'NAD+PL++MONT??ZE PREROV A.S.'FCA+14'PRC+11'FTX+PMD+++
22914324MONTAZE PREROV'CNT+LIN:4'UNT+85+1'UNZ+1+01001500'                       
