UNA:+,? 'UNB+UNOC:3+00810506482+00975945065+130402:1812+01001057'UNH+1+CREMUL:D:
96A:UN'BGM+435+2013040217241217'DTM+137:20130402:102'NAD+MR+00975945065'LIN+1'DT
M+209:20130402:102'BUS++DO++230:25:124'MOA+349:250:NOK'RFF+ACK:08002130826'DTM+1
71:20130402:102'FII+BF+12121212121'SEQ++1'DTM+203:20130331:102'FII+OR+1231231231
2'RFF+AEK:3900263127'RFF+ACD:303019152'MOA+143:250'NAD+PL+++Haugene Nils Pe'PRC+
8'DOC+999+20122124330'MOA+12:250'GIS+37'CNT+LI:1'UNT+24+1'UNZ+1+01001057'       
