UNA:+,? 'UNB+UNOC:3+00810506482+00975945065+130411:1547+01001066'UNH+1+CREMUL:D:
96A:UN'BGM+435+2013041115380742'DTM+137:20130411:102'NAD+MR+00975945065'LIN+1'DT
M+209:20130411:102'BUS++DO++230:25:124'MOA+349:3000:NOK'RFF+ACK:08011116222'DTM+
171:20130411:102'FII+BF+70380518552'SEQ++1'DTM+203:20130410:102'FII+OR+123456789
01'RFF+ACD:*85290467'MOA+143:250'NAD+PL+++RUNAR NORDLI+KVENNBERGGT 30+KRISTIANSU
ND N++6515'NAD+BE+++THE BENEFICIARY COMPANY'PRC+8'DOC+999+20132065978'MOA+
12:250'GIS+37'SEQ++2'DTM+203:20130410:102'FII+OR+12345678901'RFF+AEK:31000164149
'RFF+ACD:362509152'MOA+143:250'NAD+PL+++R S Bygg'PRC+8'DOC+999+20132148105'MOA+1
2:250'GIS+37'SEQ++3'DTM+203:20130410:102'FII+OR+12345678901'RFF+AEK:31000257918'
RFF+ACD:890209152'MOA+143:250'NAD+PL+++B Bolle AS'PRC+8'DOC+999+20132161140'MOA+
12:250'GIS+37'SEQ++4'DTM+203:20130410:102'FII+OR+12345678901'RFF+AEK:31000270111
'RFF+ACD:890209152'MOA+143:250'NAD+PL+++Jakobsen Kriste'PRC+8'DOC+999+2013053828
1'MOA+12:250'GIS+37'SEQ++5'DTM+203:20130410:102'FII+OR+12345678901'RFF+AEK:31000
998400'RFF+ACD:936509152'MOA+143:250'NAD+PL+++Kjetil Vestad E'PRC+8'DOC+999+2013
0133695'MOA+12:250'GIS+37'SEQ++6'DTM+203:20130410:102'FII+OR+12345678901'RFF+AEK
:31000352894'RFF+ACD:470109152'MOA+143:250'NAD+PL+++Brunes Service'PRC+8'DOC+999
+20131095927'MOA+12:250'GIS+37'SEQ++7'DTM+203:20130410:102'FII+OR+12345678901'RF
F+AEK:31000302531'RFF+ACD:470109151'MOA+143:250'NAD+PL+++STRØM HILMAR JO'PRC+8'D
OC+999+20130204637'MOA+12:250'GIS+37'SEQ++8'DTM+203:20130410:102'FII+OR+12345678
901:INGE KJELL MEEK'RFF+ACD:860185489'MOA+143:250'NAD+PL+++INGE KJELL MEEK+BREMS
NES+AVERØY++6530+NO'PRC+8'DOC+999+20132050046'MOA+12:250'GIS+37'SEQ++9'DTM+203:2
0130410:102'FII+OR+12345678901'RFF+AEK:933920002'RFF+ACD:393019451'MOA+143:250'N
AD+PL+++We-Bo Graving A'PRC+8'DOC+999+20130982836'MOA+12:250'GIS+37'SEQ++10'DTM+
203:20130410:102'FII+OR+12345678901'RFF+AEK:975030000'RFF+ACD:470119451'MOA+143:
250'NAD+PL+++2 Snekkers AS'PRC+8'DOC+999+20130888439'MOA+12:250'GIS+37'SEQ++11'D
TM+203:20130410:102'FII+OR+12345678901'RFF+AEK:31000424164'RFF+ACD:420109152'MOA
+143:250'NAD+PL+++BRATBERG RUNE'PRC+8'DOC+999+20131099606'MOA+12:250'GIS+37'SEQ+
+12'DTM+203:20130410:102'FII+OR+12345678901'RFF+AEK:936050001'RFF+ACD:420119451'
MOA+143:250'NAD+PL+++Murmester Langn'PRC+8'DOC+999+20131268482'MOA+12:250'GIS+37
'LIN+2'DTM+209:20130411:102'BUS++DO++230:25:124'MOA+349:1000:NOK'RFF+ACK:0801197
9782'DTM+171:20130411:102'FII+BF+70380518552'SEQ++1'DTM+203:20130411:102'FII+OR+
12345678901:UAB NORSTATA'RFF+ACD:860195251'MOA+143:250'NAD+PL+++UAB NORSTATA++OP
PDAL++7341+NO'PRC+8'DOC+999+20131316414'MOA+12:250'GIS+37'SEQ++2'DTM+203:2013041
1:102'FII+OR+12345678901'RFF+AEK:31010464264'RFF+ACD:470119152'MOA+143:250'NAD+P
L+++Røstgård Birger'PRC+8'DOC+999+20130492877'MOA+12:250'GIS+37'SEQ++3'DTM+203:2
0130411:102'FII+OR+12345678901'RFF+AEK:31010478197'RFF+ACD:222019152'MOA+143:250
'NAD+PL+++LUVENT AS'PRC+8'DOC+999+20130542564'MOA+12:250'GIS+37'SEQ++4'DTM+203:2
0130411:102'FII+OR+12345678901'RFF+AEK:3713048'RFF+ACD:797410302'MOA+143:250'NAD
+PL+++OPGÅRD MASKIN AS+REISTADHAUGEN 8+ALTA++9513'NAD+BE+++THE BENEFICIARY COMPA 
NY+Postboks 22 Sentrum+OSLO++0101'INP+BF+2:SI'FTX+AAG+++OPGÅRD MASKIN AS'PR
C+8'DOC+999+20130139262'MOA+12:250'GIS+37'LIN+3'DTM+209:20130411:102'BUS++DO++23
0:25:124'MOA+349:1894:NOK'RFF+ACK:08011994246'DTM+171:20130411:102'FII+BF+703805
18552'SEQ++1'DTM+203:20130411:102'FII+OR+12345678901'RFF+AEK:31010681540'RFF+ACD
:393019152'MOA+143:250'NAD+PL+++Gocakov Michail'PRC+8'DOC+999+20131256453'MOA+12
:250'GIS+37'SEQ++2'DTM+203:20130411:102'FII+OR+12345678901'RFF+ACD:265538979'RFF
+ABO:9357538979'MOA+143:250'NAD+PL++Jon Adler Torp:Jøransberg 24:3770 Kragerø'PR
C+8'DOC+999+20132137371'MOA+12:250'GIS+37'SEQ++3'DTM+203:20130411:102'FII+OR+123
45678901'RFF+AEK:1113010006'RFF+ACD:890219451'MOA+143:1394'NAD+PL+++Fauske Elekt
ro'PRC+8'DOC+999+20130142076'MOA+12:1394'GIS+37'LIN+4'DTM+209:20130411:102'BUS++
DO++230:25:124'MOA+349:3095,61:NOK'RFF+ACK:08011909226'DTM+171:20130411:102'FII+
BF+70380518552'SEQ++1'DTM+203:20130411:102'FII+OR+12345678901'RFF+AEK:1195720000
'RFF+ACD:470119451'MOA+143:250'NAD+PL+++Jessen Rør AS'PRC+8'DOC+999+20130080284'
MOA+12:250'GIS+37'SEQ++2'DTM+203:20130411:102'FII+OR+12345678901'RFF+AEK:227'RFF
+ACD:797614172'MOA+143:250'NAD+PL++Laurynas Lukosius:Bruveien 9 B::3055 KROKSTAD
ELVA'NAD+BE++THE BENEFICIARY COMPANY'INP+BF+2:SI'FTX+AAG+++Laurynas Lukosi
us                  20131371971'PRC+8'DOC+999+20131371971'MOA+12:250'GIS+37'SEQ+
+3'DTM+203:20130411:102'FII+OR+12345678901'RFF+AEK:31010773517'RFF+ACD:261019152
'MOA+143:250'NAD+PL+++NILSEN TORE'PRC+8'DOC+999+20131337626'MOA+12:250'GIS+37'SE
Q++4'DTM+203:20130411:102'FII+OR+12345678901'RFF+AEK:10007596'RFF+ACD:393211000'
MOA+143:250'NAD+PL+++Inge Langnes'PRC+8'DOC+999+20132006675'MOA+12:250'GIS+37'SE
Q++5'DTM+203:20130411:102'FII+OR+12345678901'RFF+AEK:34229470001'RFF+ACD:9055194
51'MOA+143:250'NAD+PL+++Bravida Norge AS'PRC+8'DOC+999+20132008606'MOA+12:250'GI
S+37'SEQ++6'DTM+203:20130411:102'FII+OR+12345678901'RFF+ACD:233340798'RFF+ABO:93
67540798'MOA+143:250'NAD+PL++Gunvald Haugeplass:Bardølavegen 142:3580 Geilo'PRC+
8'DOC+999+20130598905'MOA+12:250'GIS+37'SEQ++7'DTM+203:20130411:102'FII+OR+12345
678901'RFF+AEK:3774669'RFF+ACD:797410819'MOA+143:250'NAD+PL+++OLE ROGNDALEN+HAGA
STUVEIEN 54+HAFSLUNDSØY++1734'NAD+BE+++THE BENEFICIARY COMPANY+Postboks 22 
Sentrum+OSLO++0101'INP+BF+2:SI'FTX+AAG+++OLE ROGNDALEN'PRC+8'DOC+999+20131226563
'MOA+12:250'GIS+37'SEQ++8'DTM+203:20130411:102'FII+OR+12345678901'RFF+AEK:378560
1'RFF+ACD:797410452'MOA+143:250'NAD+PL+++HYTTE OG BOLIG PARTNER AS+HO 405:SJØGAT
A 6+BODØ++8006'NAD+BE+++ +Postboks 22 Sentrum+OSLO++0
101'INP+BF+2:SI'FTX+AAG+++HYTTE OG BOLIG PARTNER AS'PRC+8'DOC+999+20132188044'MO
A+12:250'GIS+37'SEQ++9'DTM+203:20130411:102'FII+OR+12345678901'RFF+AEK:118454000
3'RFF+ACD:108019451'MOA+143:845,61'NAD+PL+++Bris AS'PRC+8'DOC+999+20131223909'MO
A+12:845,61'GIS+37'SEQ++10'DTM+203:20130411:102'FII+OR+12345678901'RFF+AEK:11888
10001'RFF+ACD:261019451'MOA+143:250'NAD+PL+++Herøya Elektro'PRC+8'DOC+999+201301
41516'MOA+12:250'GIS+37'CNT+LI:4'UNT+363+1'UNZ+1+01001066'                      
