UNA:+,? 'UNB+UNOC:3+00810506482+00975945065+140314:1453+01001387'UNH+1+CREMUL:D:
96A:UN'BGM+455+1403141453'DTM+137:20140314:102'LIN+1'DTM+209:20140314:102'BUS++D
O'MOA+60:2535,06:NOK'RFF+AII'FII+BF+1234567890'SEQ++1'DTM+193:20140314:102'FII+
OR+12121212121'RFF+ACK:E96151'MOA+119:2535,06'NAD+BE++THE BENEFICIARY COMPANY
:Postboks 22 Sentrum::0101 OSLO'NAD+PL++LINDORFF AS:POSTBOKS 7055::3007 DRAMME
N'PRC+8'DOC+380+OM1632599 / K46576'MOA+12:2535,06'DTM+171:20140314:102'NAD+IV+K4
6576::91'GIS+37'CNT+LIN:1'UNT+24+1'UNZ+1+01001387'                              
