UNA:+,? 'UNB+UNOC:3+00810506482+00975945065+140312:1546+01001386'UNH+1+CREMUL:D:
96A:UN'BGM+435+2014031215350976'DTM+137:20140312:102'NAD+MR+00975945065'LIN+1'DT
M+209:20140312:102'BUS++DO++233:25:124'MOA+349:1394:NOK'RFF+ACK:08012992096'DTM+
171:20140312:102'FII+BF+12121212121'SEQ++1'DTM+203:20140312:102'FII+OR+123123123
12:Tømrer Morten Rognebær AS'RFF+AEK:12072200001'RFF+ACD:180229451'MOA+143:1394'NAD+PL+++Tømrer Morten Rog
nebær AS+Skjerpåkeren 17+STANGE++2335'NAD+BE+++FOND.FOR REGIONALE VERNEOMBUD++++
0000'PRC+11'FTX+PMD+++Tømrer Morten Rognebær AS'CNT+LI:1'UNT+23+1'UNZ+1+01001386
'                                                                               
