UNA:+.? '
UNB+UNOC:1+00810506482+00900831941+990512:1423+1293++++0'
UNH+1294+CREMUL:D:96A:UN:BSK'
BGM+455+245'
DTM+137:20110111:102'
NAD+MR+00900831941'
LIN+1'
DTM+202:20110111:102'
BUS++DO'
MOA+60:14637:NOK'
RFF+ACK:00412107263'
FII+BF+70580500043'
SEQ++1'
FII+OR+82001234567'
RFF+AEK:8803609752'
RFF+ACD:*90000000'
MOA+143:14637:NOK'
NAD+PL+++NSB BA PERSONTRAFIKK ØST+ØKONOMIKONTORET 5 ETG+OSLO++0048'
PRC+11'
FTX+PMD+++VÅR REF DERES REF BELØP 42224 170:14.637,00'
LIN+2'
DTM+202:20110111:102'
BUS++DO'
MOA+60:15000:NOK'
RFF+ACK:00412108142'
FII+BF+70580500043'
SEQ++1'FII+OR+15502345678'
RFF+AEK:8803609752'
RFF+ACD:*90000000'
MOA+143:15000:NOK'
NAD+PL+++ARA DAMPSKIPSSELSKAP POSTBOKS 1235+HALDEN++1750'
PRC+8'
DOC+380+6128793'
GIS+37'
LIN+3'
DTM+202:20110111:102'
BUS++DO++234'
MOA+346:6740,40:NOK'
RFF+ACK:00412511745'
FII+BF+70580500043'
SEQ++1'
DTM+193:20110110:102'
FII+OR+24403456789'
RFF+AEK:6206632921'
RFF+ACD:*93139354'
MOA+143:4126,65:NOK'
SEQ++2'
DTM+193:20110110:102'
FII+OR+60397654321'
RFF+AEK:6206632595'
RFF+ACD:*97454800'
MOA+143:2613,75'
CNT+LI:3'
UNT+55+1294'
UNZ+1+1293'